@article{pettigrew2014west,
  title={How the West will be won: using Monte Carlo simulations to estimate the effects of NHL realignment},
  author={Pettigrew, Stephen},
  journal={Journal of Quantitative Analysis in Sports},
  volume={10},
  number={3},
  pages={345--355},
  year={2014},
  url={http://www.stephenpettigrew.com/files/pettigrew_nhl_realignment.pdf}
}
